@misc{gtfs,
  author = {GTFS},
  title = {General Transit Feed Specification},
	note = {\url{https://developers.google.com/transit/gtfs}}
}

@inproceedings{ben06,
  title={Minimizing intra-edge crossings in wiring diagrams and public transportation maps},
  author={Benkert, Marc and N{\"o}llenburg, Martin and Uno, Takeaki and Wolff, Alexander},
  booktitle={International Symposium on Graph Drawing},
  pages={270--281},
  year={2006},
  organization={Springer}
}

@inproceedings{bek07,
  title={Line crossing minimization on metro maps},
  author={Bekos, Michael A and Kaufmann, Michael and Potika, Katerina and Symvonis, Antonios},
  booktitle={International Symposium on Graph Drawing},
  pages={231--242},
  year={2007},
  organization={Springer}
}

@inproceedings{nol09,
  title={An improved algorithm for the metro-line crossing minimization problem},
  author={N{\"o}llenburg, Martin},
  booktitle={International Symposium on Graph Drawing},
  pages={381--392},
  year={2009},
  organization={Springer}
}

@misc{dub16,
  author = {Anton Dubreau},
  title = {{Transit Maps: Apple vs. Google vs. Us}},
  howpublished = "\url{https://medium.com/transit-app/transit-maps-apple-vs-google-vs-us-cb3d7cd2c362}",
  year = {2016}
}

@article{arg10,
  title={On Metro-Line Crossing Minimization.},
  author={Argyriou, Evmorfia N and Bekos, Michael A and Kaufmann, Michael and Symvonis, Antonios},
  journal={J. Graph Algorithms Appl.},
  volume={14},
  number={1},
  pages={75--96},
  year={2010}
}

@inproceedings{fin12,
  title={Drawing metro maps using B{\'e}zier curves},
  author={Fink, Martin and Haverkort, Herman and N{\"o}llenburg, Martin and Roberts, Maxwell and Schuhmann, Julian and Wolff, Alexander},
  booktitle={International Symposium on Graph Drawing},
  pages={463--474},
  year={2012},
  organization={Springer}
}

@article{hon06,
  title={Automatic visualisation of metro maps},
  author={Hong, Seok-Hee and Merrick, Damian and do Nascimento, Hugo AD},
  journal={Journal of Visual Languages \& Computing},
  volume={17},
  number={3},
  pages={203--224},
  year={2006},
  publisher={Elsevier}
}

@article{nol14,
  title={A survey on automated metro map layout methods},
  author={N{\"o}llenburg, Martin},
  journal={Tech. Rep.},
  year={2014}
}

@inproceedings{pup11,
  title={Edge routing with ordered bundles.},
  author={Pupyrev, Sergey and Nachmanson, Lev and Bereg, Sergey and Holroyd, Alexander E},
  booktitle={Graph Drawing},
  volume={7034},
  pages={136--147},
  year={2011},
  organization={Springer}
}

@inproceedings{hol09,
  title={Force-Directed Edge Bundling for Graph Visualization},
  author={Holten, Danny and Van Wijk, Jarke J},
  booktitle={Computer graphics forum},
  volume={28},
  number={3},
  pages={983--990},
  year={2009},
  organization={Wiley Online Library}
}

@inproceedings{asq08,
  title={An ILP for the metro-line crossing problem},
  author={Asquith, Matthew and Gudmundsson, Joachim and Merrick, Damian},
  booktitle={Proceedings of the fourteenth symposium on Computing: the Australasian theory-Volume 77},
  pages={49--56},
  year={2008},
  organization={Australian Computer Society, Inc.}
}

@inproceedings{arg08,
  title={Two polynomial time algorithms for the metro-line crossing minimization problem},
  author={Argyriou, Evmorfia and Bekos, Michael A and Kaufmann, Michael and Symvonis, Antonios},
  booktitle={International Symposium on Graph Drawing},
  pages={336--347},
  year={2008},
  organization={Springer}
}

@inproceedings{fin13a,
  title={Metro-Line Crossing Minimization: Hardness, Approximations, and Tractable Cases.},
  author={Fink, Martin and Pupyrev, Sergey},
  booktitle={Graph Drawing},
  volume={8242},
  pages={328--339},
  year={2013}
}

@inproceedings{fin13b,
  title={Ordering metro lines by block crossings},
  author={Fink, Martin and Pupyrev, Sergey},
  booktitle={International Symposium on Mathematical Foundations of Computer Science},
  pages={397--408},
  year={2013},
  organization={Springer}
}

@inproceedings{ahm12,
author="Ahmed, Mahmuda
and Wenk, Carola",
editor="Epstein, Leah
and Ferragina, Paolo",
title="Constructing Street Networks from GPS Trajectories",
booktitle="Algorithms -- ESA 2012",
year="2012",
publisher="Springer Berlin Heidelberg",
address="Berlin, Heidelberg",
pages="60--71",
abstract="We consider the problem of constructing street networks from geo-referenced trajectory data: Given a set of trajectories in the plane, compute a street network that represents all trajectories in the set. We present a simple and practical incremental algorithm that is based on partial matching of the trajectories to the graph. We use minimumlink paths to reduce the complexity of the reconstructed graph. We provide quality guarantees and experimental results based on both real and synthetic data. For the partial matching we introduce a new variant of partial Fr{\'e}chet distance.",
isbn="978-3-642-33090-2"
}

@article{ahm15,
author="Ahmed, Mahmuda
and Karagiorgou, Sophia
and Pfoser, Dieter
and Wenk, Carola",
title="A comparison and evaluation of map construction algorithms using vehicle tracking data",
journal="GeoInformatica",
year="2015",
month="Jul",
day="01",
volume="19",
number="3",
pages="601--632",
abstract="Map construction methods automatically produce and/or update street map datasets using vehicle tracking data. Enabled by the ubiquitous generation of geo-referenced tracking data, there has been a recent surge in map construction algorithms coming from different computer science domains. A cross-comparison of the various algorithms is still very rare, since (i) algorithms and constructed maps are generally not publicly available and (ii) there is no standard approach to assess the result quality, given the lack of benchmark data and quantitative evaluation methods. This work represents a first comprehensive attempt to benchmark such map construction algorithms. We provide an evaluation and comparison of seven algorithms using four datasets and four different evaluation measures. In addition to this comprehensive comparison, we make our datasets, source code of map construction algorithms and evaluation measures publicly available on                   http://mapconstruction.org.                                  . This site has been established as a repository for map construction data and algorithms and we invite other researchers to contribute by uploading code and benchmark data supporting their contributions to map construction algorithms.",
issn="1573-7624",
doi="10.1007/s10707-014-0222-6",
url="https://doi.org/10.1007/s10707-014-0222-6"
}