@misc{gtfs,
  author = {GTFS},
  title = {General Transit Feed Specification},
	note = {\url{https://developers.google.com/transit/gtfs}}
}

@inproceedings{ben06,
  title={Minimizing intra-edge crossings in wiring diagrams and public transportation maps},
  author={Benkert, Marc and N{\"o}llenburg, Martin and Uno, Takeaki and Wolff, Alexander},
  booktitle={International Symposium on Graph Drawing},
  pages={270--281},
  year={2006},
  organization={Springer}
}

@inproceedings{bek07,
  title={Line crossing minimization on metro maps},
  author={Bekos, Michael A and Kaufmann, Michael and Potika, Katerina and Symvonis, Antonios},
  booktitle={International Symposium on Graph Drawing},
  pages={231--242},
  year={2007},
  organization={Springer}
}

@inproceedings{nol09,
  title={An improved algorithm for the metro-line crossing minimization problem},
  author={N{\"o}llenburg, Martin},
  booktitle={International Symposium on Graph Drawing},
  pages={381--392},
  year={2009},
  organization={Springer}
}

@misc{dub16,
  author = {Anton Dubreau},
  title = {{Transit Maps: Apple vs. Google vs. Us}},
  howpublished = "\url{https://medium.com/transit-app/transit-maps-apple-vs-google-vs-us-cb3d7cd2c362}",
  year = {2016}
}

@article{arg10,
  title={On Metro-Line Crossing Minimization.},
  author={Argyriou, Evmorfia N and Bekos, Michael A and Kaufmann, Michael and Symvonis, Antonios},
  journal={J. Graph Algorithms Appl.},
  volume={14},
  number={1},
  pages={75--96},
  year={2010}
}

@inproceedings{fin12,
  title={Drawing metro maps using B{\'e}zier curves},
  author={Fink, Martin and Haverkort, Herman and N{\"o}llenburg, Martin and Roberts, Maxwell and Schuhmann, Julian and Wolff, Alexander},
  booktitle={International Symposium on Graph Drawing},
  pages={463--474},
  year={2012},
  organization={Springer}
}

@article{hon06,
  title={Automatic visualisation of metro maps},
  author={Hong, Seok-Hee and Merrick, Damian and do Nascimento, Hugo AD},
  journal={Journal of Visual Languages \& Computing},
  volume={17},
  number={3},
  pages={203--224},
  year={2006},
  publisher={Elsevier}
}

@article{nol14,
  title={A survey on automated metro map layout methods},
  author={N{\"o}llenburg, Martin},
  journal={Tech. Rep.},
  year={2014}
}

@inproceedings{pup11,
  title={Edge routing with ordered bundles.},
  author={Pupyrev, Sergey and Nachmanson, Lev and Bereg, Sergey and Holroyd, Alexander E},
  booktitle={Graph Drawing},
  volume={7034},
  pages={136--147},
  year={2011},
  organization={Springer}
}

@inproceedings{hol09,
  title={Force-Directed Edge Bundling for Graph Visualization},
  author={Holten, Danny and Van Wijk, Jarke J},
  booktitle={Computer graphics forum},
  volume={28},
  number={3},
  pages={983--990},
  year={2009},
  organization={Wiley Online Library}
}


@inproceedings{asq08,
  title={An ILP for the metro-line crossing problem},
  author={Asquith, Matthew and Gudmundsson, Joachim and Merrick, Damian},
  booktitle={Proceedings of the fourteenth symposium on Computing: the Australasian theory-Volume 77},
  pages={49--56},
  year={2008},
  organization={Australian Computer Society, Inc.}
}

@inproceedings{arg08,
  title={Two polynomial time algorithms for the metro-line crossing minimization problem},
  author={Argyriou, Evmorfia and Bekos, Michael A and Kaufmann, Michael and Symvonis, Antonios},
  booktitle={International Symposium on Graph Drawing},
  pages={336--347},
  year={2008},
  organization={Springer}
}

@inproceedings{fin13a,
  title={Metro-Line Crossing Minimization: Hardness, Approximations, and Tractable Cases.},
  author={Fink, Martin and Pupyrev, Sergey},
  booktitle={Graph Drawing},
  volume={8242},
  pages={328--339},
  year={2013}
}

@inproceedings{fin13b,
  title={Ordering metro lines by block crossings},
  author={Fink, Martin and Pupyrev, Sergey},
  booktitle={International Symposium on Mathematical Foundations of Computer Science},
  pages={397--408},
  year={2013},
  organization={Springer}
}


