@online{gtfs,
  title = {GTFS Static Overview},
  year = {2019},
  author = {Google Developers},
  lastaccessed ={May 15th, 2019},
	url = {https://developers.google.com/transit/gtfs}
}

@book{garl94,
  title = {Mr. Beck's Underground Map: A History},
  year = {1994},
  author = {Ken Garland},  
  publisher={Capital Transport Pub}
}

@article{noll11,
  author    = {Martin N{\"{o}}llenburg and
               Alexander Wolff},
  title     = {Drawing and Labeling High-Quality Metro Maps by Mixed-Integer Programming},
  journal   = {{IEEE} Trans. Vis. Comput. Graph.},
  volume    = {17},
  number    = {5},
  pages     = {626--641},
  year      = {2011}
}

@inproceedings{stott2004metro,
  title={Metro map layout using multicriteria optimization},
  author={Stott, Jonathan M and Rodgers, Peter},
  booktitle={Proceedings. Eighth International Conference on Information Visualisation, 2004. IV 2004.},
  pages={355--362},
  year={2004},
  organization={IEEE}
}

@article{stott2010automatic,
  title={Automatic metro map layout using multicriteria optimization},
  author={Stott, Jonathan and Rodgers, Peter and Martinez-Ovando, Juan Carlos and Walker, Stephen G},
  journal={IEEE Transactions on Visualization and Computer Graphics},
  volume={17},
  number={1},
  pages={101--114},
  year={2010},
  publisher={IEEE}
}

@inproceedings{hong2004metro,
  title={The metro map layout problem},
  author={Hong, Seok-Hee and Merrick, Damian and Do Nascimento, Hugo AD},
  booktitle={International Symposium on Graph Drawing},
  pages={482--491},
  year={2004},
  organization={Springer}
}

@article{hong2006automatic,
  title={Automatic visualisation of metro maps},
  author={Hong, Seok-Hee and Merrick, Damian and do Nascimento, Hugo AD},
  journal={Journal of Visual Languages \& Computing},
  volume={17},
  number={3},
  pages={203--224},
  year={2006},
  publisher={Elsevier}
}

@inproceedings{sandvad2001metro,
  title={A metro map metaphor for guided tours on the Web: the Webvise guided tour system},
  author={Sandvad, Elmer S and Gr{\o}nb{\ae}k, Kaj and Sloth, Lennert and Knudsen, J{\o}rgen Lindskov},
  booktitle={Proceedings of the 10th international conference on World Wide Web},
  pages={326--333},
  year={2001},
  organization={ACM}
}

@inproceedings{nesbitt2004getting,
  title={Getting to more abstract places using the metro map metaphor},
  author={Nesbitt, Keith V},
  booktitle={Proceedings. Eighth International Conference on Information Visualisation, 2004. IV 2004.},
  pages={488--493},
  year={2004},
  organization={IEEE}
}

@inproceedings{stott2005automatic,
  title={Automatic layout of project plans using a metro map metaphor},
  author={Stott, Jonathan M and Rodgers, Peter and Burkhard, Remo Aslak and Meier, Michael and Smis, Matthias Thomas Jelle},
  booktitle={Ninth International Conference on Information Visualisation (IV'05)},
  pages={203--206},
  year={2005},
  organization={IEEE}
}

@inproceedings{nollenburg2005mixed,
  title={A mixed-integer program for drawing high-quality metro maps},
  author={N{\"o}llenburg, Martin and Wolff, Alexander},
  booktitle={International Symposium on Graph Drawing},
  pages={321--333},
  year={2005},
  organization={Springer}
}

@inproceedings{benkert2006minimizing,
  title={Minimizing intra-edge crossings in wiring diagrams and public transportation maps},
  author={Benkert, Marc and N{\"o}llenburg, Martin and Uno, Takeaki and Wolff, Alexander},
  booktitle={International Symposium on Graph Drawing},
  pages={270--281},
  year={2006},
  organization={Springer}
}

@article{bast2019efficient,
  title={Efficient generation of geographically accurate transit maps},
  author={Bast, Hannah and Brosi, Patrick and Storandt, Sabine},
  journal={ACM Transactions on Spatial Algorithms and Systems (TSAS)},
  volume={5},
  number={4},
  pages={25},
  year={2019},
  publisher={ACM}
}

@inproceedings{claudio2014octilinear,
  title={Octilinear layouts for metro map visualization},
  author={Claudio, Pio and Yoon, Sung-Eui},
  booktitle={2014 International Conference on Big Data and Smart Computing (BIGCOMP)},
  pages={19--21},
  year={2014},
  organization={IEEE}
}

@inproceedings{craig2019vision,
  title={A Vision for Pervasive Information Visualisation to Support Passenger Navigation in Public Metro Networks},
  author={Craig, Paul and Liu, Yu},
  booktitle={2019 IEEE International Conference on Pervasive Computing and Communications Workshops},
  pages={202--207},
  year={2019},
  organization={IEEE}
}

@inproceedings{bekos2014planar,
  title={Planar octilinear drawings with one bend per edge},
  author={Bekos, Michael A and Gronemann, Martin and Kaufmann, Michael and Krug, Robert},
  booktitle={International Symposium on Graph Drawing},
  pages={331--342},
  year={2014},
  organization={Springer}
}

@inproceedings{bekos2016total,
  title={On the total number of bends for planar octilinear drawings},
  author={Bekos, Michael A and Kaufmann, Michael and Krug, Robert},
  booktitle={LATIN 2016: Theoretical Informatics},
  pages={152--163},
  year={2016},
  organization={Springer}
}

@inproceedings{loffler2016snapping,
  title={Snapping graph drawings to the grid optimally},
  author={L{\"o}ffler, Andre and van Dijk, Thomas C and Wolff, Alexander},
  booktitle={International Symposium on Graph Drawing and Network Visualization},
  pages={144--151},
  year={2016},
  organization={Springer}
}

@inproceedings{bekos2007line,
  title={Line crossing minimization on metro maps},
  author={Bekos, Michael A and Kaufmann, Michael and Potika, Katerina and Symvonis, Antonios},
  booktitle={International Symposium on Graph Drawing},
  pages={231--242},
  year={2007},
  organization={Springer}
}

@book{nollenburg2005automated,
  title={Automated drawing of metro maps},
  author={N{\"o}llenburg, Martin},
  year={2005},
  publisher={Universit{\"a}t Karlsruhe, Fakult{\"a}t f{\"u}r Informatik}
}

@inproceedings{chuzhoy2015approximating,
  title={On approximating node-disjoint paths in grids},
  author={Chuzhoy, Julia and Kim, David HK},
  booktitle={Approximation, Randomization, and Combinatorial Optimization. Algorithms and Techniques (APPROX/RANDOM 2015)},
  year={2015},
  organization={Schloss Dagstuhl - Leibniz-Zentrum f\"ur Informatik}
}

@inproceedings{van2018realtime,
  title={Realtime linear cartograms and metro maps},
  author={van Dijk, Thomas C and Lutz, Dieter},
  booktitle={Proceedings of the 26th ACM SIGSPATIAL International Conference on Advances in Geographic Information Systems},
  pages={488--491},
  year={2018},
  organization={ACM}
}

@article{wang2016,
  author    = {Yu{-}Shuen Wang and
               Wan{-}Yu Peng},
  title     = {Interactive Metro Map Editing},
  journal   = {{IEEE} Trans. Vis. Comput. Graph.},
  volume    = {22},
  number    = {2},
  pages     = {1115--1126},
  year      = {2016}
}

@article{wang2011,
  author    = {Yu{-}Shuen Wang and
               Ming{-}Te Chi},
  title     = {Focus+Context Metro Maps},
  journal   = {{IEEE} Trans. Vis. Comput. Graph.},
  volume    = {17},
  number    = {12},
  pages     = {2528--2535},
  year      = {2011}
}

@article{WuTHALY13,
  author    = {Hsiang{-}Yun Wu and
               Shigeo Takahashi and
               Daichi Hirono and
               Masatoshi Arikawa and
               Chun{-}Cheng Lin and
               Hsu{-}Chun Yen},
  title     = {Spatially Efficient Design of Annotated Metro Maps},
  journal   = {Comput. Graph. Forum},
  volume    = {32},
  number    = {3},
  pages     = {261--270},
  year      = {2013}
}

@article{WuTLY12,
  author    = {Hsiang{-}Yun Wu and
               Shigeo Takahashi and
               Chun{-}Cheng Lin and
               Hsu{-}Chun Yen},
  title     = {Travel-Route-Centered Metro Map Layout and Annotation},
  journal   = {Comput. Graph. Forum},
  volume    = {31},
  number    = {3},
  pages     = {925--934},
  year      = {2012}
}