@online{gtfs,
  title = {GTFS Static Overview},
  year = {2019},
  author = {Google Developers},
  lastaccessed ={May 15th, 2019},
	url = {https://developers.google.com/transit/gtfs}
}

@inproceedings{noll05,
  author    = {Martin N{\"{o}}llenburg and
               Alexander Wolff},
  title     = {A Mixed-Integer Program for Drawing High-Quality Metro Maps},
  booktitle = {Graph Drawing, 13th International Symposium, {GD} 2005, Limerick,
               Ireland, September 12-14, 2005, Revised Papers},
  pages     = {321--333},
  year      = {2005},
  crossref  = {DBLP:conf/gd/2005},
  url       = {https://doi.org/10.1007/11618058\_29},
  doi       = {10.1007/11618058\_29},
  timestamp = {Wed, 25 Sep 2019 18:14:46 +0200},
  biburl    = {https://dblp.org/rec/bib/conf/gd/NollenburgW05},
  bibsource = {dblp computer science bibliography, https://dblp.org}
}

@article{noll11,
  author    = {Martin N{\"{o}}llenburg and
               Alexander Wolff},
  title     = {Drawing and Labeling High-Quality Metro Maps by Mixed-Integer Programming},
  journal   = {{IEEE} Trans. Vis. Comput. Graph.},
  volume    = {17},
  number    = {5},
  pages     = {626--641},
  year      = {2011},
  url       = {https://doi.org/10.1109/TVCG.2010.81},
  doi       = {10.1109/TVCG.2010.81},
  timestamp = {Sun, 04 Aug 2019 17:14:52 +0200},
  biburl    = {https://dblp.org/rec/bib/journals/tvcg/NollenburgW11},
  bibsource = {dblp computer science bibliography, https://dblp.org}
}