@inproceedings{ben06,
  title={Minimizing intra-edge crossings in wiring diagrams and public transportation maps},
  author={Benkert, Marc and N{\"o}llenburg, Martin and Uno, Takeaki and Wolff, Alexander},
  booktitle={International Symposium on Graph Drawing},
  pages={270--281},
  year={2006},
  organization={Springer}
}

@inproceedings{bek07,
  title={Line crossing minimization on metro maps},
  author={Bekos, Michael A and Kaufmann, Michael and Potika, Katerina and Symvonis, Antonios},
  booktitle={International Symposium on Graph Drawing},
  pages={231--242},
  year={2007},
  organization={Springer}
}

@inproceedings{nol09,
  title={An improved algorithm for the metro-line crossing minimization problem},
  author={N{\"o}llenburg, Martin},
  booktitle={International Symposium on Graph Drawing},
  pages={381--392},
  year={2009},
  organization={Springer}
}

@article{arg10,
  title={On Metro-Line Crossing Minimization.},
  author={Argyriou, Evmorfia N and Bekos, Michael A and Kaufmann, Michael and Symvonis, Antonios},
  journal={J. Graph Algorithms Appl.},
  volume={14},
  number={1},
  pages={75--96},
  year={2010}
}

@inproceedings{asq08,
  title={An ILP for the metro-line crossing problem},
  author={Asquith, Matthew and Gudmundsson, Joachim and Merrick, Damian},
  booktitle={Proceedings of the fourteenth symposium on Computing: the Australasian theory-Volume 77},
  pages={49--56},
  year={2008},
  organization={Australian Computer Society, Inc.}
}

@inproceedings{arg08,
  title={Two polynomial time algorithms for the metro-line crossing minimization problem},
  author={Argyriou, Evmorfia and Bekos, Michael A and Kaufmann, Michael and Symvonis, Antonios},
  booktitle={International Symposium on Graph Drawing},
  pages={336--347},
  year={2008},
  organization={Springer}
}

@inproceedings{fin13a,
  title={Metro-Line Crossing Minimization: Hardness, Approximations, and Tractable Cases.},
  author={Fink, Martin and Pupyrev, Sergey},
  booktitle={Graph Drawing},
  volume={8242},
  pages={328--339},
  year={2013}
}

@inproceedings{fin13b,
  title={Ordering metro lines by block crossings},
  author={Fink, Martin and Pupyrev, Sergey},
  booktitle={International Symposium on Mathematical Foundations of Computer Science},
  pages={397--408},
  year={2013},
  organization={Springer}
}


